<?xml version="1.0" encoding="UTF-8"?><collection xmlns="http://www.loc.gov/MARC21/slim"><record><leader>00441nam--2200157-i-4500</leader><controlfield tag="001">000026275</controlfield><controlfield tag="002">20161230</controlfield><controlfield tag="005">20161230201036</controlfield><controlfield tag="008">060222s1000------------r-----000-0-eng-d</controlfield><datafield ind1="1" ind2=" " tag="100"><subfield code="a">Lominadze, D.G</subfield></datafield><datafield ind1="1" ind2="0" tag="245"><subfield code="a">Cyclotron waves in plasma</subfield><subfield code="c">D.G. Lominadze</subfield></datafield><datafield ind1=" " ind2=" " tag="260"><subfield code="a">Oxford, Pergamon Press, 1981</subfield></datafield><datafield ind1=" " ind2=" " tag="300"><subfield code="a">206 p</subfield></datafield><datafield ind1=" " ind2=" " tag="490"><subfield code="a">International Series In Natural Phylosophy</subfield><subfield code="v">Vol. 102</subfield></datafield><datafield ind1=" " ind2=" " tag="852"><subfield code="a">70777</subfield><subfield code="c">533.9</subfield></datafield><datafield ind1=" " ind2=" " tag="CAT"><subfield code="a">Sys</subfield><subfield code="c">20100930</subfield><subfield code="h">130343</subfield></datafield></record></collection>